<?xml version="1.0" encoding="UTF-8"?><record xmlns="http://www.loc.gov/MARC21/slim" xmlns:cinclude="http://apache.org/cocoon/include/1.0" xmlns:zs="http://www.loc.gov/zing/srw/">
  <leader>00574cz  a2200169n  4500</leader>
  <controlfield tag="001">no2009128733</controlfield>
  <controlfield tag="003">DLC</controlfield>
  <controlfield tag="005">20130326122916.0</controlfield>
  <controlfield tag="008">090818n| azannaabn          |a aaa     c</controlfield>
  <datafield tag="010" ind1=" " ind2=" ">
    <subfield code="a">no2009128733</subfield>
  </datafield>
  <datafield tag="035" ind1=" " ind2=" ">
    <subfield code="a">(OCoLC)oca08208410</subfield>
  </datafield>
  <datafield tag="040" ind1=" " ind2=" ">
    <subfield code="a">DFo</subfield>
    <subfield code="b">eng</subfield>
    <subfield code="e">rda</subfield>
    <subfield code="c">DFo</subfield>
    <subfield code="d">DLC</subfield>
  </datafield>
  <datafield tag="046" ind1=" " ind2=" ">
    <subfield code="g">1924</subfield>
  </datafield>
  <datafield tag="100" ind1="1" ind2=" ">
    <subfield code="a">Ponsonby, Eustace,</subfield>
    <subfield code="d">-1924</subfield>
  </datafield>
  <datafield tag="400" ind1="1" ind2=" ">
    <subfield code="w">nnea</subfield>
    <subfield code="a">Ponsonby, Eustace,</subfield>
    <subfield code="d">d. 1924</subfield>
  </datafield>
  <datafield tag="670" ind1=" " ind2=" ">
    <subfield code="a">Midsummer night's dream [graphic], 1888</subfield>
    <subfield code="b">(ms. note on DFo copy: 'Bottom', Mr. Eustace Ponsonby)</subfield>
  </datafield>
  <datafield tag="670" ind1=" " ind2=" ">
    <subfield code="a">Amer. and Brit. theatrical biog.</subfield>
    <subfield code="b">(Ponsonby, Eustace; d. 1924; composer, actor)</subfield>
  </datafield>
</record>